

@Misc{git,
  OPTkey = 	 {},
  author = 	 {{Alec Wills}},
  OPTtitle = 	 {},
  howpublished = {Online},
  OPTmonth = 	 {},
  OPTyear = 	 {},
  note = 	 {\url{https://github.com/alecpwills/Fortran/tree/master/project}},
  OPTannote = 	 {}
}

@Misc{intel,
  OPTkey = 	 {},
  author = 	 {Intel\textsuperscript{\textregistered}},
  title = 	 {{Intel\textsuperscript{\textregistered} Core\textsuperscript{TM} i5-4200U Processor}},
  howpublished = {Online},
  OPTmonth = 	 {},
  OPTyear = 	 {},
  note = 	 {\url{https://ark.intel.com/products/75459/Intel-Core-i5-4200U-Processor-3M-Cache-up-to-2_60-GHz}},
  OPTannote = 	 {},

}



@Misc{mpich,
  OPTkey = 	 {},
  author = 	 {{Mathematics and Computer Science Division, Argonne National Laboratory}},
  OPTtitle = 	 {},
  howpublished = {Online},
  OPTmonth = 	 {},
  OPTyear = 	 {},
  note = 	 {\url{www.mpich.org}},
  OPTannote = 	 {}
}


@Misc{mpe,
  OPTkey = 	 {},
  author = 	 {{Mathematics and Computer Science Division, Argonne National Laboratory}},
  OPTtitle = 	 {},
  howpublished = {Online},
  OPTmonth = 	 {},
  OPTyear = 	 {},
  note = 	 {\url{http://www.mcs.anl.gov/research/projects/perfvis/download/index.htm#MPE}},
  OPTannote = 	 {}
}
Berendsen, H.J.C., van der Spoel, D. and van Drunen, R., GROMACS: A message-passing parallel molecular dynamics implementation, Comp. Phys. Comm. 91 (1995), 43-56.
@Article{gromacs,
  author = 	 {{H. Berendsen, D. van der Spoel, R. van Drunen}},
  title = 	 {{GROMACS: A message-passing parallel molecular dynamics implementation}},
  journal = 	 {Comp. Phys. Comm.},
  year = 	 {1995},
  OPTkey = 	 {},
  volume = 	 {91},
  OPTnumber = 	 {},
  pages = 	 {43-56},
  OPTmonth = 	 {},
  OPTnote = 	 {},
  OPTannote = 	 {}
}

@Article{siesta,
  author = 	 {J. Soler et al.},
  title = 	 {{The SIESTA method for ab initio order-N materials simulation}},
  journal = 	 {J. Phys. Cond. Matt.},
  year = 	 {2002},
  OPTkey = 	 {},
  volume = 	 {14},
  number = 	 {11},
  pages = 	 {2745-2779},
  month = 	 {Mar},
  OPTnote = 	 {},
  OPTannote = 	 {}
}

@Book{mpibook,
  author = 	 {{W. Gropp, E. Lusk, A. Skjellum}},
  title = 	 {{Using MPI - Portable Parallel Programming with the Message-Pasing Interface}},
  publisher = 	 {MIT Press},
  year = 	 {2014},
  OPTkey = 	 {},
  OPTvolume = 	 {},
  OPTnumber = 	 {},
  OPTseries = 	 {},
  OPTaddress = 	 {},
  edition = 	 {3},
  OPTmonth = 	 {},
  OPTnote = 	 {},
  OPTannote = 	 {}
}

